<record><leader>00000cas a22000007a 4500</leader><controlfield tag="001">34508749</controlfield><controlfield tag="008">960403d19091911okuwr n       0    0eng d</controlfield><datafield ind1=" " ind2=" " tag="010"><subfield code="a">sn 96087657 </subfield></datafield><datafield ind1=" " ind2=" " tag="040"><subfield code="a">OBN</subfield><subfield code="b">eng</subfield><subfield code="c">OBN</subfield><subfield code="d">OCLCQ</subfield><subfield code="d">OCLCO</subfield></datafield><datafield ind1="1" ind2=" " tag="029"><subfield code="a">AU@</subfield><subfield code="b">000025920997</subfield></datafield><datafield ind1=" " ind2=" " tag="042"><subfield code="a">msc</subfield></datafield><datafield ind1=" " ind2=" " tag="043"><subfield code="a">n-us-ok</subfield></datafield><datafield ind1="0" ind2=" " tag="130"><subfield code="a">Butler news (Butler, Okla. : 1909)</subfield></datafield><datafield ind1="1" ind2="4" tag="245"><subfield code="a">The Butler news.</subfield></datafield><datafield ind1=" " ind2=" " tag="260"><subfield code="a">Butler, Okla. :</subfield><subfield code="b">Walker &amp; Huddlestun</subfield></datafield><datafield ind1=" " ind2=" " tag="300"><subfield code="a">v.</subfield></datafield><datafield ind1=" " ind2=" " tag="310"><subfield code="a">Weekly</subfield></datafield><datafield ind1="0" ind2=" " tag="362"><subfield code="a">-v. 3, no. 25 (Dec. 15, 1911).</subfield></datafield><datafield ind1="1" ind2=" " tag="362"><subfield code="a">Began in 1909.</subfield></datafield><datafield ind1=" " ind2=" " tag="588"><subfield code="a">Description based on: Vol. 1, no. 26 (Dec. 31, 1909).</subfield></datafield><datafield ind1=" " ind2="0" tag="651"><subfield code="a">Butler (Okla.)</subfield><subfield code="v">Newspapers.</subfield></datafield><datafield ind1=" " ind2="0" tag="651"><subfield code="a">Custer County (Okla.)</subfield><subfield code="v">Newspapers.</subfield></datafield><datafield ind1=" " ind2=" " tag="752"><subfield code="a">United States</subfield><subfield code="b">Oklahoma</subfield><subfield code="c">Custer</subfield><subfield code="d">Butler.</subfield></datafield><datafield ind1="0" ind2="4" tag="785"><subfield code="t">Butler herald</subfield><subfield code="w">(DLC)sn 93066049</subfield><subfield code="w">(OCoLC)28311570</subfield></datafield></record>